% -------------------------------------------------------------------------->
% -------------------------------------------------------------------------->
% Point base merging papers.
@inproceedings{panneer2022recent,
  title={Recent Advances in Sign Language Recognition using Deep Learning Techniques},
  author={Panneer, Selvam E and Sornam, M},
  booktitle={2022 6th International Conference on Trends in Electronics and Informatics (ICOEI)},
  pages={1261--1265},
  year={2022},
  organization={IEEE}
}


@article{mannan2022hypertuned,
  title={Hypertuned deep convolutional neural network for sign language recognition},
  author={Mannan, Abdul and Abbasi, Ahmed and Javed, Abdul Rehman and Ahsan, Anam and Gadekallu, Thippa Reddy and Xin, Qin},
  journal={Computational Intelligence and Neuroscience},
  volume={2022},
  year={2022},
  publisher={Hindawi}
}



@article{katoch2022indian,
  title={Indian Sign Language recognition system using SURF with SVM and CNN},
  author={Katoch, Shagun and Singh, Varsha and Tiwary, Uma Shanker},
  journal={Array},
  volume={14},
  pages={100141},
  year={2022},
  publisher={Elsevier}
}


@inproceedings{rahman2019new,
  title={A new benchmark on american sign language recognition using convolutional neural network},
  author={Rahman, Md Moklesur and Islam, Md Shafiqul and Rahman, Md Hafizur and Sassi, Roberto and Rivolta, Massimo W and Aktaruzzaman, Md},
  booktitle={2019 International Conference on Sustainable Technologies for Industry 4.0 (STI)},
  pages={1--6},
  year={2019},
  organization={IEEE}
}

